<?xml version="1.0" encoding="UTF-8"?><collection xmlns="http://www.loc.gov/MARC21/slim"><record><leader>00441nam--2200169-i-4500</leader><controlfield tag="001">000020244</controlfield><controlfield tag="002">20161230</controlfield><controlfield tag="005">20161230201033</controlfield><controlfield tag="008">060222s1000------------r-----000-0-eng-d</controlfield><datafield ind1=" " ind2=" " tag="040"><subfield code="a">IFIN-HH</subfield></datafield><datafield ind1=" " ind2=" " tag="080"><subfield code="a">517.98</subfield></datafield><datafield ind1=" " ind2=" " tag="100"><subfield code="a">Faris, William G</subfield></datafield><datafield ind1=" " ind2=" " tag="245"><subfield code="a">Self-adjoint operators</subfield></datafield><datafield ind1=" " ind2=" " tag="260"><subfield code="a">Berlin, Springer-verlag, 1975. 115 P</subfield></datafield><datafield ind1=" " ind2=" " tag="490"><subfield code="a">Lecture Note In Mathematics</subfield><subfield code="v">vol.433</subfield></datafield><datafield ind1=" " ind2=" " tag="852"><subfield code="a">77644</subfield><subfield code="c">517.9</subfield></datafield><datafield ind1=" " ind2=" " tag="CAT"><subfield code="a">Sys</subfield><subfield code="c">20090528</subfield><subfield code="h">102451</subfield></datafield></record></collection>